@inproceedings{ms88c,
  title={Transformation-based Code Optimization for Finite Element Methods},
  author={Kulkarni, Kaushik and Andreas Kl\"{o}ckner},
  series={Minisymposium on Performance Portability through Source-to-source code
    translation},
  publisher={SIAM Conference on Computational Science and Engineering},
  year={2019}
} 
