@preprint{sun2019study,
  title={A study of vectorization for matrix-free finite element methods},
  author={Sun, Tianjiao and Mitchell, Lawrence and Kulkarni, Kaushik and Kl\"{o}ckner, Andreas and Ham, David A and Kelly, Paul HJ},
  journal={arXiv preprint arXiv:1903.08243},
  year={2019}
}


@article{bhati2018role,
  title={Role of skin friction drag during flow-induced reconfiguration of a flexible thin plate},
  author={Bhati, Awan and Sawanni, Rajat and Kulkarni, Kaushik and Bhardwaj, Rajneesh},
  journal={Journal of Fluids and Structures},
  volume={77},
  pages={134--150},
  year={2018},
  publisher={Elsevier}
}
