@article{bhati2018role,
  title={Role of skin friction drag during flow-induced reconfiguration of a flexible thin plate},
  author={Bhati, Awan and Sawanni, Rajat and \textbf{K. Kulkarni} and Bhardwaj, Rajneesh},
  journal={Journal of Fluids and Structures},
  volume={77},
  pages={134--150},
  year={2018},
  publisher={Elsevier}
}
